@Misc{ESP:Manual,
	author = {Espressif Systems},
	title = {ESP32 - Technical Reference Manual},
	howpublished = {[online]},
	year = {rev. 15. March 2020},
	note = {[seen on 2022-11-25]},
    url = {https://www.espressif.com/sites/default/files/documentation/esp32_technical_reference_manual_en.pdf}
}
@Misc{max30102:manual,
	author = {maxim integrated},
	title = {High-Sensitivity Pulse Oximeter and Heart-Rate Sensor for Wearable Health},
	howpublished = {[online]},
	year = {rev. 05. November 2018},
	note = {[seen on 2022-11-25]},
    url = {https://www.analog.com/media/en/technical-documentation/data-sheets/max30102.pdf}
}
@Misc{ssd1306:manual,
	title = {128 x 64 Dot Matrix OLED/PLED Segment/Common Driver with Controller},
	howpublished = {[online]},
	year = {rev. 24. April 2008},
	note = {[seen on 2022-11-30]},
    url = {https://cdn-shop.adafruit.com/datasheets/SSD1306.pdf}
}
@misc{espidf:docs, 
    title={ESP-IDF Programming Guide},
    howpublished = {[online]},
	note = {[seen on 2022-11-24]},
    url = {https://docs.espressif.com/projects/esp-idf/en/latest/esp32/esp-idf-en-v5.1-dev-2186-g454aeb3a48-esp32.pdf}
} 

@Misc{hackerio,
	author = {Mark WARREN},
	title = {ESP Heart Rate Monitor},
	howpublished = {[online]},
	year = {rev. 02. May 2020},
	note = {[seen on 2022-11-20]},
    url = {https://hackaday.io/project/164155-esp-heart-rate-monitor#j-discussions-title}
}
